@misc{chinatimes2019,
  author = {中時新聞網},
  year = {2019},
  url = {https://www.chinatimes.com/newspapers/20190304000187-260309?chdtv}
}

@misc{cna_2022,
  author = {中央通訊社},
  year = {2022},
  url  = {https://www.cna.com.tw/news/asoc/202210030248.aspx}
}

@misc{tai_2021,
  author = {臺中市政府全球資訊網},
  year = {2021},
  url  = {https://www.taichung.gov.tw/1783403/post}
}

@misc{zhao_2013,
  author = {趙健哲 and 鄭傑文 and 陳詹閔 and 王匯智 and 林義乾 and 莊子毅 and 鄭傑中 and 彭念豪},
  title = {航空攝影測量學講義},
  year = {2013},
  month = {09},
  publisher = {中華民國地籍測量學會},
}
